<?xml version="1.0" encoding="UTF-8"?><collection xmlns="http://www.loc.gov/MARC21/slim"><record><leader>00401nam--2200145-i-4500</leader><controlfield tag="001">000009494</controlfield><controlfield tag="002">20161230</controlfield><controlfield tag="005">20161230201028</controlfield><controlfield tag="008">060222s1000------------r-----000-0-eng-d</controlfield><datafield ind1=" " ind2=" " tag="080"><subfield code="a">621.31:681.3.06:002</subfield></datafield><datafield ind1=" " ind2=" " tag="100"><subfield code="a">Debraine, P</subfield></datafield><datafield ind1=" " ind2=" " tag="245"><subfield code="a">Machines de traitement de l`information. circuit et programmes</subfield></datafield><datafield ind1=" " ind2=" " tag="260"><subfield code="a">Paris, Massin, 1969. 420 P</subfield></datafield><datafield ind1=" " ind2=" " tag="490"><subfield code="a">Monographies D`Electronique</subfield></datafield><datafield ind1=" " ind2=" " tag="852"><subfield code="a">34065</subfield></datafield></record></collection>